@misc{CombiningStaticandDynamicFeatureBinding,
    author = {M. Rosenmüller and N. Siegmund and G. Saake and S. Apel},
    title = {Combining Static and Dynamic Feature Binding in Software Product Lines. Technical Report 13},
    publisher = {Fakultät Für Informatik and Otto-von-Guericke-Universität Magdeburg, Arbeitsgruppe Datenbanken},
    year = {2009}
}

@INPROCEEDINGS{CostEfficientSampling_Gou_Siegmund_2015, 
 author={A. {Sarkar} and J. {Guo} and N. {Siegmund} and S. {Apel} and K. {Czarnecki}}, 
 booktitle={2015 30th IEEE/ACM International Conference on Automated Software Engineering (ASE)}, 
 title={Cost-Efficient Sampling for Performance Prediction of Configurable Systems (T)}, 
 year={2015},
 pages={342-352},
 month={Nov},
}

@inporceedings{ChallengesAndInsightsFromOptimizingSiegmund,
	author={Christian Kaltenecker, Alexander Grebhahn, Norbert Siegmund, Jianmei Guo, and Sven Apel}
	title={Challenges and Insights from	Optimizing Configurable	Software Systems},
	year={2019}
}

@article{DataEfficientPerformanceLearningJianmei,
 title = {Data-efficient performance learning for configurable systems},
 author = {Guo, Jianmei AND Yang, Dingyu AND Siegmund, Norbert AND Apel, Sven AND Sarkar, Atri AND Valov, Pavel AND Czarnecki, Krzysztof AND Wasowski, Andrzej AND Yu, Huiqun},
 url = {https://pure.itu.dk/portal/en/publications/dataefficient-performance-learning-for-configurable-systems(e88a1025-3d0c-48fa-9f72-b23d91e6e20d).html},
 year = {2017},
 language = {eng},
}

@article{FasterDiscoveryofFasterSystemConfigurationsSiegmund2017,
  author    = {Vivek Nair and
               Tim Menzies and
               Norbert Siegmund and
               Sven Apel},
	  title     = {Faster Discovery of Faster System Configurations with Spectral Learning},
  journal   = {CoRR},
  volume    = {abs/1701.08106},
  year      = {2017},
  archivePrefix = {arXiv},
  eprint    = {1701.08106},
}



@inproceedings{PerformanceInflunceModels_Sigmund_2015,
 author = {Siegmund, Norbert and Grebhahn, Alexander and Apel, Sven and Kästner, Christian},
 title = {Performance-influence Models for Highly Configurable Systems},
 booktitle = {Proceedings of the 2015 10th Joint Meeting on Foundations of Software Engineering},
 series = {ESEC/FSE 2015},
 year = {2015},
 location = {Bergamo, Italy},
 pages = {284--294},
 numpages = {11},
 acmid = {2786845},
 publisher = {ACM},
 address = {New York, NY, USA},
 keywords = {Performance-influence models, machine learning, sampling},
} 

@INPROCEEDINGS{AutomatedFeatureDetectionSiegmund2012,
    author = {Norbert Siegmund and Sergiy S. Kolesnikov and Christian Kästner and Sven Apel and Don Batory and Marko Rosenmüller and Gunter Saake},
    title = {Predicting performance via automated feature-interaction detection},
    booktitle = {In Proc. of ICSE},
    year = {2012},
    pages = {167--177},
    publisher = {IEEE}
}

@inproceedings{DistanceBasedSampling2019,
	author = {Kaltenecker, Christian and Grebhahn, Alexander and Siegmund, Norbert and Guo, Jianmei and Apel, Sven},
	title = {Distance-based Sampling of Software Configuration Spaces},
	booktitle = {Proceedings of the 41st International Conference on Software Engineering},
	series = {ICSE '19},
	year = {2019},
	location = {Montreal, Quebec, Canada},
	pages = {1084--1094},
	numpages = {11},
	acmid = {3339641},
	publisher = {IEEE Press},
	address = {Piscataway, NJ, USA},
} 

@article{TransferLearningforImprovingModelPredictionsJamshidiVKSK17,
  author    = {Pooyan Jamshidi and
               Miguel Velez and
               Christian Kästner and
               Norbert Siegmund and
               Prasad Kawthekar},
  title     = {Transfer Learning for Improving Model Predictions in Highly Configurable
               Software},
  journal   = {CoRR},
  volume    = {abs/1704.00234},
  year      = {2017},
  eprint    = {1704.00234},
}

@inproceedings{TransferLearningforPerformanceModelingExploratoryJamshidi2017,
	author = {Jamshidi, Pooyan and Siegmund, Norbert and Velez, Miguel and Kästner, Christian and Patel, Akshay and Agarwal, Yuvraj},
	title = {Transfer Learning for Performance Modeling of Configurable Systems: An Exploratory Analysis},
	booktitle = {Proceedings of the 32Nd IEEE/ACM International Conference on Automated Software Engineering},
	series = {ASE 2017},
	year = {2017},
	location = {Urbana-Champaign, IL, USA},
	pages = {497--508},
	numpages = {12},
	publisher = {IEEE Press},
	address = {Piscataway, NJ, USA},
	keywords = {Performance analysis, transfer learning},
} 


@article{TransferLearningforPerformanceModelingCasualJamshidi2019,
	author    = {Mohammad Ali Javidian and Pooyan Jamshidi and  Marco Valtorta},
	title     = {Transfer Learning for Performance Modeling of Configurable Systems: A Causal Analysis},
	journal   = {CoRR},
	volume    = {abs/1902.10119},
	year      = {2019},
	eprint    = {1902.10119},
}

@article{ComparativeanalysisAbdelaziz112011,
	author = {Adil Ali Abdelaziz and Wan M. N and Wan Kadir and Addin Osman},
	title = {Comparative analysis of software performance prediction approaches in context of component-based system},
	journal = {IJCA},
	year = {2011},
	pages = {15--22}
}

@Book{SPLEngineering,
	author    = {Klaus Pohl and	Günter Böckle and Frank J. van der Linden},	
	title     = {Software Product Line Engineering: Foundations, Principles and Techniques},
	publisher = {Springer-Verlag Berlin Heidelberg},
	year      = {2005},
	address   = {Tiergartenstraße 17, 69121 Heidelberg},
	pages 	  = {1-7},
	edition   = 1,
}

@article{IssuesAndModelsInSPL,
	author    = {Jorge L. D{\'{\i}}az{-}Herrera and
	Peter Knauber and
	Giancarlo Succi},
	title     = {Issues and Models in Software Product Lines},
	journal   = {International Journal of Software Engineering and Knowledge Engineering},
	volume    = {10},
	number    = {4},
	pages     = {527--539},
	year      = {2000},
}

@misc{VisualStudioSPL,
	titel = {Visual Studio-Produkte - Visual Studio},
	author ={Microsoft},
	howpublished = {\url{https://visualstudio.microsoft.com/de/products/}},
	year={Accessed: 10.05.2019}
}
@misc{CPUDatabase,
	titel ={CPU Database},
	author = {techpowerup},
	howpublished={\url{https://www.techpowerup.com/cpudb/}},
	year={Accessed: 17.05.2019},
}


@inproceedings{VariabilityAwarePerformancePredictionJianmeiSigmundApel,
	title = {Variability-aware performance prediction: A statistical learning approach},
	author = {Jianmei Guo and Krzysztof Czarnecki and Sven Apel and Norbert Siegmund and Andrzej Wasowski},
	year = {2013},
	language = {English},
	pages = {301--311},
	booktitle = {Automated Software Engineering (ASE), 2013 IEEE/ACM 28th International Conference on},
	publisher = {IEEE Press},
}

@inproceeding{AnalysisOfTheVariabilityInFortyPreprocessor_BasedSPLLiebig,
	author = {Liebig, J\"{o}rg and Apel, Sven and Lengauer, Christian and K\"{a}stner, Christian and Schulze, Michael},
	title = {An Analysis of the Variability in Forty Preprocessor-based Software Product Lines},
	booktitle = {Proceedings of the 32Nd ACM/IEEE International Conference on Software Engineering - Volume 1},
	series = {ICSE '10},
	year = {2010},
	isbn = {978-1-60558-719-6},
	location = {Cape Town, South Africa},
	pages = {105--114},
	numpages = {10},
	acmid = {1806819},
	publisher = {ACM},
	address = {New York, NY, USA},
	keywords = {C preprocessor, empirical study, software product lines},
}

@inproceedings{CanWeAvoidHighCoupling?,
	author = {Taube-Schock, Craig and Walker, Robert and Witten, Ian},
	year = {2011},
	month = {07},
	pages = {204-228},
	title = {Can We Avoid High Coupling?},
	journal={ECOOP},
}

@inproceedings{FeatureCohesioninSPL,
	author = {Apel, Sven and Beyer, Dirk},
	title = {Feature Cohesion in Software Product Lines: An Exploratory Study},
	booktitle = {Proceedings of the 33rd International Conference on Software Engineering},
	series = {ICSE '11},
	year = {2011},
	isbn = {978-1-4503-0445-0},
	location = {Waikiki, Honolulu, HI, USA},
	pages = {421--430},
	numpages = {10},
	acmid = {1985851},
	publisher = {ACM},
	address = {New York, NY, USA},
	keywords = {feature cohesion, feature-oriented software development, featurevisu, software product lines, visual clustering},
}


@techreport{Reportof2010USArmySPLWorkshop,
	title={Software Product Lines: Report of the 2010 U.S. Army Software Product Line Workshop},
	author={John Bergey and Gary Chastek and Sholom Cohen and Patrick Donohoe and Lawrence Jones and Linda Northrop},
	year={2010},
	number={CMU/SEI-2010-TR-014},
	institution={Software Engineering Institute, Carnegie Mellon University},
	address={Pittsburgh, PA},
}

@techreport{SalionIncASPLCaseStudy,
	title={Salion, Inc.: A Software Product Line Case Study},
	author={Paul Clements and Linda Northrop},
	year={2002},
	number={CMU/SEI-2002-TR-038 },
	institution={Software Engineering Institute, Carnegie Mellon University},
	address={Pittsburgh, PA},
}

@ARTICLE{DynamicSoftwareProductLines, 
	author={S. {Hallsteinsen} and M. {Hinchey} and S. {Park} and K. {Schmid}}, 
	journal={Computer}, 
	title={Dynamic Software Product Lines}, 
	year={2008}, 
	volume={41}, 
	number={4}, 
	pages={93-95}, 
	month={April},
}

@inproceedings{PalladioBecker,
	author = {Becker, Steffen and Koziolek, Heiko and Reussner, Ralf},
	title = {Model-Based Performance Prediction with the Palladio Component Model},
	booktitle = {Proceedings of the 6th International Workshop on Software and Performance},
	series = {WOSP '07},
	year = {2007},
	isbn = {1-59593-297-6},
	location = {Buenes Aires, Argentina},
	pages = {54--65},
	numpages = {12},
	publisher = {ACM},
	address = {New York, NY, USA},
	keywords = {component-based software engineering, performance prediction, software architecture},
}


@book{SoftwareEngineeringMenschenProzesseTechniken,
	author={Jochen Ludewig and Horst Lichter},
	title={Software Engineering	Grundlagen, Menschen, Prozesse, Techniken},
	publisher={dpunkt.verlag},
	volume={3., korrigierte Auflage},
	edition={3},
	year={2013},
	ISBN={978-3-86490-092-1},
	address={Ringstraße 19 B 69115 Heidelberg},
	language={ger},
	pages={169-170},
}

@book{ClassificationandRegressionTrees,
 	author={Leo Breiman},
 	title={Classification and Regression Trees},
	publisher={Routledge},
	year={1984},
	address={New York},
}

@book{ElementsOfStatisticalLearning,
	author={Tervoer Hastie and Robert Tibishirani and Jerome Friedman},
	title={The Elements of Statistical Learning},
	subtitle={Data Mining, Inference, and Prediction, Second Edition},
	edition={2},
	publisher={Springer-Verlag New York},
	year={2009},
	ISBN={978-0-387-84857-0},
	address={New York},

}

@techreport{SpectralLearningKamvar,
	number = {2003-25},
	month = {April},
	author = {Kamvar Sepandar and Klein Dan and Manning Christopher},
	title = {Spectral Learning},
	type = {Technical Report},
	publisher = {Stanford InfoLab},
	year = {2003},
	institution = {Stanford InfoLab},
	journal = {International Joint Conference of Artificial Intelligence},
	keywords = {machine learning, spectral methods, clustering, classification, constrained clustering},
}

@article{PalladioBecker2003,
title = "The Palladio component model for model-driven performance prediction",
journal = "Journal of Systems and Software",
volume = "82",
number = "1",
pages = "3 - 22",
year = "2009",
note = "Special Issue: Software Performance - Modeling and Analysis",
author = "Steffen Becker and Heiko Koziolek and Ralf Reussner",
keywords = "Component-based software engineering, Software architecture, Performance prediction",
}